<record><leader>00000cas a22000007a 4500</leader><controlfield tag="001">13323166</controlfield><controlfield tag="008">860321d18791881wvuwr ne      0    0eng d</controlfield><datafield ind1=" " ind2=" " tag="010"><subfield code="a">sn 86092423 </subfield></datafield><datafield ind1=" " ind2=" " tag="040"><subfield code="a">WVC</subfield><subfield code="b">eng</subfield><subfield code="c">WVC</subfield><subfield code="d">DLC</subfield><subfield code="d">OCL</subfield><subfield code="d">OCLCQ</subfield></datafield><datafield ind1=" " ind2=" " tag="042"><subfield code="a">msc</subfield></datafield><datafield ind1="0" ind2="0" tag="050"><subfield code="a">Newspaper 10185-X</subfield></datafield><datafield ind1="0" ind2="4" tag="245"><subfield code="a">The Wirt County appeal.</subfield></datafield><datafield ind1="1" ind2="3" tag="246"><subfield code="a">Appeal</subfield></datafield><datafield ind1=" " ind2=" " tag="260"><subfield code="a">Wirt Court House [i.e. Elizabeth] W. Va. :</subfield><subfield code="b">Mark M. Rockhold</subfield></datafield><datafield ind1=" " ind2=" " tag="300"><subfield code="a">v. ;</subfield><subfield code="c">60 cm.</subfield></datafield><datafield ind1=" " ind2=" " tag="310"><subfield code="a">Weekly</subfield></datafield><datafield ind1="1" ind2=" " tag="362"><subfield code="a">Began Feb. 19, 1879 issue; ceased in 1881.</subfield><subfield code="z">Cf. Hardesty, H.H. Hardesty's Historical and Geographical Encyclopedia ... Roane, Calhoun, Jackson &amp; Wirt Counties.</subfield></datafield><datafield ind1=" " ind2=" " tag="500"><subfield code="a">Old series refers to the publication of: Roane County appeal, which Rockhold published in Spencer, W. Va.</subfield></datafield><datafield ind1=" " ind2=" " tag="500"><subfield code="a">"Independent." Cf. Ayer, 1881.</subfield></datafield><datafield ind1=" " ind2=" " tag="580"><subfield code="a">Continued by: Roane County appeal (Spencer, W. Va.)(non-extant).</subfield></datafield><datafield ind1=" " ind2=" " tag="588"><subfield code="a">Description based on: New ser., v. 2, no. 34 (Sept. 10, 1880) ; Old ser., v. 5, no. 22.</subfield></datafield><datafield ind1=" " ind2=" " tag="752"><subfield code="a">United States</subfield><subfield code="b">West Virginia</subfield><subfield code="c">Wirt</subfield><subfield code="d">Elizabeth.</subfield></datafield><datafield ind1=" " ind2=" " tag="752"><subfield code="a">United States</subfield><subfield code="b">West Virginia</subfield><subfield code="c">Wirt</subfield><subfield code="d">Wirt Court House.</subfield></datafield><datafield ind1="1" ind2="0" tag="780"><subfield code="t">Roane County appeal</subfield></datafield><datafield ind1="1" ind2=" " tag="029"><subfield code="a">AU@</subfield><subfield code="b">000025800460</subfield></datafield></record>